<record><leader>00000cas a22000007a 4500</leader><controlfield tag="001">25173834</controlfield><controlfield tag="008">920128c19909999nyuwr ne      0    0eng d</controlfield><datafield ind1=" " ind2=" " tag="010"><subfield code="a">sn 92061434 </subfield></datafield><datafield ind1=" " ind2=" " tag="040"><subfield code="a">NYG</subfield><subfield code="b">eng</subfield><subfield code="c">NYG</subfield><subfield code="d">NYS</subfield><subfield code="d">OCLCQ</subfield><subfield code="d">OCLCF</subfield><subfield code="d">OCLCO</subfield></datafield><datafield ind1="1" ind2=" " tag="029"><subfield code="a">AU@</subfield><subfield code="b">000025905597</subfield></datafield><datafield ind1=" " ind2=" " tag="037"><subfield code="b">Gouverneur Tribune-Press Inc., 74 Trinity Avenue, Gouverneur, N.Y. 13642</subfield></datafield><datafield ind1=" " ind2=" " tag="042"><subfield code="a">msc</subfield></datafield><datafield ind1=" " ind2=" " tag="043"><subfield code="a">n-us-ny</subfield></datafield><datafield ind1="0" ind2=" " tag="130"><subfield code="a">Gouverneur tribune-press (Gouverneur, N.Y. : 1990)</subfield></datafield><datafield ind1="1" ind2="0" tag="245"><subfield code="a">Gouverneur tribune-press.</subfield></datafield><datafield ind1="1" ind2="3" tag="246"><subfield code="a">Tribune-press</subfield></datafield><datafield ind1=" " ind2=" " tag="260"><subfield code="a">Gouverneur, N.Y. :</subfield><subfield code="b">Gouverneur Tribune-Press Inc.,</subfield><subfield code="c">1990-</subfield></datafield><datafield ind1=" " ind2=" " tag="300"><subfield code="a">v. :</subfield><subfield code="b">ill. ;</subfield><subfield code="c">58 cm.</subfield></datafield><datafield ind1=" " ind2=" " tag="310"><subfield code="a">Weekly</subfield></datafield><datafield ind1="0" ind2=" " tag="362"><subfield code="a">Vol. 104, no. 12 (Nov. 7, 1990)-</subfield></datafield><datafield ind1=" " ind2=" " tag="500"><subfield code="a">Published every Wednesday.</subfield></datafield><datafield ind1=" " ind2=" " tag="588"><subfield code="a">Latest issue consulted: Vol. 107, no. 3 (Oct. 13, 1993).</subfield></datafield><datafield ind1=" " ind2="0" tag="651"><subfield code="a">Gouverneur (N.Y.)</subfield><subfield code="v">Newspapers.</subfield></datafield><datafield ind1=" " ind2="0" tag="651"><subfield code="a">Saint Lawrence County (N.Y.)</subfield><subfield code="v">Newspapers.</subfield></datafield><datafield ind1=" " ind2="7" tag="655"><subfield code="a">Newspapers.</subfield><subfield code="2">fast</subfield><subfield code="0">(OCoLC)fst01423814</subfield></datafield><datafield ind1=" " ind2="7" tag="651"><subfield code="a">New York (State)</subfield><subfield code="z">Gouverneur.</subfield><subfield code="2">fast</subfield><subfield code="0">(OCoLC)fst01221346</subfield></datafield><datafield ind1=" " ind2="7" tag="651"><subfield code="a">New York (State)</subfield><subfield code="z">Saint Lawrence County.</subfield><subfield code="2">fast</subfield><subfield code="0">(OCoLC)fst01202920</subfield></datafield><datafield ind1=" " ind2=" " tag="752"><subfield code="a">United States</subfield><subfield code="b">New York</subfield><subfield code="c">Saint Lawrence</subfield><subfield code="d">Gouverneur.</subfield></datafield><datafield ind1="0" ind2="0" tag="780"><subfield code="t">Tribune-press (Gouverneur, N.Y. : 1973)</subfield><subfield code="w">(DLC)sn 93063671</subfield><subfield code="w">(OCoLC)29019418</subfield></datafield></record>